@article {10.1111:cgf.13676,
    journal = {Computer Graphics Forum},
    title = {{VIAN: A Visual Annotation Tool for Film Analysis}},
    author = {Halter, Gaudenz and Ballester-Ripoll, Rafael and Flueckiger, Barbara and Pajarola, Renato},
    year = {2019},
    publisher = {The Eurographics Association and John Wiley & Sons Ltd.},
    ISSN = {1467-8659},
    DOI = {10.1111/cgf.13676}
}